75600000         250641585000105                    03093700000003002170PABLO AGRO LTDA               SICOOB                                  11903202608424000012008100000                                                                     
75600011R01  040 2050641585000105                    0309370000000300217 PABLO AGRO LTDA                                                                                               000001201903202600000000                                 
7560001300001P 010309370000000300217 000000707801014     10 222000346/01     3003202600000000004050000000 02N14032026231032026000000000000600000000000000000000000000000000000000000000000000000000                         3000   090000000000 
7560001300002Q 012055232894000137GODAS EMPORIO E CASA DE CARNES LTDA     AV ORLANDINA ONDINA, 695, ANEXO SUPERMERACLIMACAO      38406106UBERLANDIA     MG0000000000000000                                        000                            
7560001300003R 01000000000000000000000000000000000000000000000000231032026000000000000200          Apos vencimento, Juros 0,2%/dia.                                                                    0000000000000000 000000000000  0         
7560001300004S 013Apos vencimento, Juros 0,2%/dia.        Apos vencimento, Multa de 2%.           Nao conceder  desconto.                                                                                                                       
7560001300005P 010309370000000300217 000000709201014     10 220000000709     1304202600000000001860000000 02N17032026214042026000000000000600000000000000000000000000000000000000000000000000000000                         3000   090000000000 
7560001300006Q 012002852818000168ZAIDE AMAR ARANTES SILVA                RUA ALBACIS CAVALCANTE, 175             SANTA ROSA     38401730UBERLANDIA     MG0000000000000000                                        000                            
7560001300007R 01000000000000000000000000000000000000000000000000214042026000000000000200          Apos vencimento, Juros 0,2%/dia.                                                                    0000000000000000 000000000000  0         
7560001300008S 013Apos vencimento, Juros 0,2%/dia.        Apos vencimento, Multa de 2%.           Nao conceder  desconto.                                                                                                                       
7560001300009P 010309370000000300217 000000710001014     10 222000347/01     0604202600000000001120000000 02N17032026207042026000000000000600000000000000000000000000000000000000000000000000000000                         3000   090000000000 
7560001300010Q 012041128048000167EMPORIO SIMEAO LTDA                     RUA RIO PARANAPANEMA, 488               MANSOUR        38414510UBERLANDIA     MG0000000000000000                                        000                            
7560001300011R 01000000000000000000000000000000000000000000000000207042026000000000000200          Apos vencimento, Juros 0,2%/dia.                                                                    0000000000000000 000000000000  0         
7560001300012S 013Apos vencimento, Juros 0,2%/dia.        Apos vencimento, Multa de 2%.           Nao conceder  desconto.                                                                                                                       
7560001300013P 010309370000000300217 000000711801014     10 222000348/01     1304202600000000009050000000 02N17032026214042026000000000000600000000000000000000000000000000000000000000000000000000                         3000   090000000000 
7560001300014Q 012037994326000191GLEIBY A F S MINIMERCADO LTDA           AVENIDA CONTADOR JOSE CANDELORO, 454    LOTEAMENTO MONT38421585UBERLANDIA     MG0000000000000000                                        000                            
7560001300015R 01000000000000000000000000000000000000000000000000214042026000000000000200          Apos vencimento, Juros 0,2%/dia.                                                                    0000000000000000 000000000000  0         
7560001300016S 013Apos vencimento, Juros 0,2%/dia.        Apos vencimento, Multa de 2%.           Nao conceder  desconto.                                                                                                                       
7560001300017P 010309370000000300217 000000713201014     10 220000000713     3003202600000000002040000000 02N18032026231032026000000000000600000000000000000000000000000000000000000000000000000000                         3000   090000000000 
7560001300018Q 012052414103000100SUPER TERRA SACOLAO E MERCEARIA LTDA    AV DAS MOEDAS, 400                      SAO JORGE      38410072UBERLANDIA     MG0000000000000000                                        000                            
7560001300019R 01000000000000000000000000000000000000000000000000231032026000000000000200          Apos vencimento, Juros 0,2%/dia.                                                                    0000000000000000 000000000000  0         
7560001300020S 013Apos vencimento, Juros 0,2%/dia.        Apos vencimento, Multa de 2%.           Nao conceder  desconto.                                                                                                                       
7560001300021P 010309370000000300217 000000714001014     10 222000350/01     3003202600000000008270000000 02N18032026231032026000000000000600000000000000000000000000000000000000000000000000000000                         3000   090000000000 
7560001300022Q 012006926225000150MINIMERCADO ORNELAS SECOS E MOLHADOS LTDR SERRA DO TOMBADOR, 397                SAO JORGE      38410368UBERLANDIA     MG0000000000000000                                        000                            
7560001300023R 01000000000000000000000000000000000000000000000000231032026000000000000200          Apos vencimento, Juros 0,2%/dia.                                                                    0000000000000000 000000000000  0         
7560001300024S 013Apos vencimento, Juros 0,2%/dia.        Apos vencimento, Multa de 2%.           Nao conceder  desconto.                                                                                                                       
7560001300025P 010309370000000300217 000000715701014     10 222000351/01     0804202600000000003720000000 02N18032026209042026000000000000600000000000000000000000000000000000000000000000000000000                         3000   090000000000 
7560001300026Q 012038011007000181A A DA SILVA COMERCIO VAREJISTA DE HORTIRUA IVETE CORDEIRO DA SILVA, 886, LOTE LSHOPPING PARK  38425605UBERLANDIA     MG0000000000000000                                        000                            
7560001300027R 01000000000000000000000000000000000000000000000000209042026000000000000200          Apos vencimento, Juros 0,2%/dia.                                                                    0000000000000000 000000000000  0         
7560001300028S 013Apos vencimento, Juros 0,2%/dia.        Apos vencimento, Multa de 2%.           Nao conceder  desconto.                                                                                                                       
7560001300029P 010309370000000300217 000000716401014     10 220000000716     1304202600000000001590000000 02N18032026214042026000000000000600000000000000000000000000000000000000000000000000000000                         3000   090000000000 
7560001300030Q 012051388074000188MERCADINHO E ACOUGUE CARAJAS LTDA       RUA PROFESSOR EUDOXIO CASASANTA PEREIRA,CARAJAS        38408526UBERLANDIA     MG0000000000000000                                        000                            
7560001300031R 01000000000000000000000000000000000000000000000000214042026000000000000200          Apos vencimento, Juros 0,2%/dia.                                                                    0000000000000000 000000000000  0         
7560001300032S 013Apos vencimento, Juros 0,2%/dia.        Apos vencimento, Multa de 2%.           Nao conceder  desconto.                                                                                                                       
7560001300033P 010309370000000300217 000000717101014     10 220000000717     0604202600000000001000000000 02N19032026207042026000000000000600000000000000000000000000000000000000000000000000000000                         3000   090000000000 
7560001300034Q 011000017284688769MATHEUS DIAS MATOS                      AV ANTONIO JORGE ISAC, 74               MORUMBI        38407477UBERLANDIA     MG0000000000000000                                        000                            
7560001300035R 01000000000000000000000000000000000000000000000000207042026000000000000200          Apos vencimento, Juros 0,2%/dia.                                                                    0000000000000000 000000000000  0         
7560001300036S 013Apos vencimento, Juros 0,2%/dia.        Apos vencimento, Multa de 2%.           Nao conceder  desconto.                                                                                                                       
7560001300037P 010309370000000300217 000000718901014     10 220000000718     0604202600000000002540000000 02N19032026207042026000000000000600000000000000000000000000000000000000000000000000000000                         3000   090000000000 
7560001300038Q 01204672068900012046.720.689 ZEQUIEL ALVES DE BRITO       RUA DO SANHACO, 14                      MORUMBI        38407378UBERLANDIA     MG0000000000000000                                        000                            
7560001300039R 01000000000000000000000000000000000000000000000000207042026000000000000200          Apos vencimento, Juros 0,2%/dia.                                                                    0000000000000000 000000000000  0         
7560001300040S 013Apos vencimento, Juros 0,2%/dia.        Apos vencimento, Multa de 2%.           Nao conceder  desconto.                                                                                                                       
7560001300041P 010309370000000300217 000000719601014     10 220000000719     0604202600000000005325000000 02N19032026207042026000000000000600000000000000000000000000000000000000000000000000000000                         3000   090000000000 
7560001300042Q 01202943374200019229.433.742 GILMAR CANDIDO DOS SANTOS    RUA ESPLENDOR, 141                      MORUMBI        38407408UBERLANDIA     MG0000000000000000                                        000                            
7560001300043R 01000000000000000000000000000000000000000000000000207042026000000000000200          Apos vencimento, Juros 0,2%/dia.                                                                    0000000000000000 000000000000  0         
7560001300044S 013Apos vencimento, Juros 0,2%/dia.        Apos vencimento, Multa de 2%.           Nao conceder  desconto.                                                                                                                       
7560001300045P 010309370000000300217 000000720401014     10 220000000720     1304202600000000005325000000 02N19032026214042026000000000000600000000000000000000000000000000000000000000000000000000                         3000   090000000000 
7560001300046Q 01202943374200019229.433.742 GILMAR CANDIDO DOS SANTOS    RUA ESPLENDOR, 141                      MORUMBI        38407408UBERLANDIA     MG0000000000000000                                        000                            
7560001300047R 01000000000000000000000000000000000000000000000000214042026000000000000200          Apos vencimento, Juros 0,2%/dia.                                                                    0000000000000000 000000000000  0         
7560001300048S 013Apos vencimento, Juros 0,2%/dia.        Apos vencimento, Multa de 2%.           Nao conceder  desconto.                                                                                                                       
7560001300049P 010309370000000300217 000000721101014     10 220000000721     1304202600000000003110000000 02N19032026214042026000000000000600000000000000000000000000000000000000000000000000000000                         3000   090000000000 
7560001300050Q 012051222046000196MARCILIEL SILVEIRA MARTINS              RUA IDEAL, 170, CASA                    RESIDENCIAL INT38407517UBERLANDIA     MG0000000000000000                                        000                            
7560001300051R 01000000000000000000000000000000000000000000000000214042026000000000000200          Apos vencimento, Juros 0,2%/dia.                                                                    0000000000000000 000000000000  0         
7560001300052S 013Apos vencimento, Juros 0,2%/dia.        Apos vencimento, Multa de 2%.           Nao conceder  desconto.                                                                                                                       
75600015         00005400001300000000000490000000000000000000000000000000000000000000000000000000000000000000000000                                                                                                                             
75699999         000001000056000000                                                                                                                                                                                                             
